00100000         2036438560001730001189170126       0339280000000606766 SESC - SERVICO SOCIAL DO COMERBANCO DO BRASIL S.A.                    22601202212460900004105000022917030464INTRADIA                                        20          
00100011C2001030 2036438560001730001189170126       0339280000000606766 SESC - SERVICO SOCIAL DO COMER                         050030012000022                              00000                                                               
0010001300001A0000000010341340000004058798 JAWA COMERCIO E SERVICOS EIREL                    26012022BRL0000000000000000000000003054500000000000448355675926012022000000000305450                                        000000000    00        
0010001300002B   200049460000104                                                                                                                                                                                                                
0010001300004A00000000104594X0000001239783 TF ENGENHARIA E REPRESENTACOES                    26012022BRL0000000000000000000000003898470000000000448355676026012022000000000389847                                        000000000    AM        
0010001300005B   223972729000125                                                                                                                                                                                                                
0010001300006A0000000010161440000001546333 COMERCIAL DE BOMBAS E MOTORES                     26012022BRL0000000000000000000000004000000000000000448355676126012022000000000400000                                        000000000    00        
0010001300007B   200057359000103                                                                                                                                                                                                                
0010001300008Z                                                                C368E1D755CBA872                                                                                                                                        00        
0010001300009A0000000010341340000004058798 JAWA COMERCIO E SERVICOS EIREL                    26012022BRL0000000000000000000000004097000000000000448355676226012022000000000409700                                        000000000    00        
0010001300010B   200049460000104                                                                                                                                                                                                                
0010001300011Z                                                                178900A374C703D2                                                                                                                                        00        
0010001300012A0000000010162920000000549711 CARISMA BUFFET E EVENTOS LTDA                     26012022BRL0000000000000000000000004800000000000000448355676326012022000000000480000                                        000000000    00        
0010001300013B   217068074000162                                                                                                                                                                                                                
0010001300014Z                                                                E5F8872A9DBF716B                                                                                                                                        00        
0010001300015A00000000104594X0000001239783 TF ENGENHARIA E REPRESENTACOES                    26012022BRL0000000000000000000000004954220000000000448355676426012022000000000495422                                        000000000    AM        
0010001300016B   223972729000125                                                                                                                                                                                                                
0010001300017A00000000104594X0000001239783 TF ENGENHARIA E REPRESENTACOES                    26012022BRL0000000000000000000000005814060000000000448355676526012022000000000581406                                        000000000    AM        
0010001300018B   223972729000125                                                                                                                                                                                                                
0010001300019A00000000104594X0000001239783 TF ENGENHARIA E REPRESENTACOES                    26012022BRL0000000000000000000000006398880000000000448355676626012022000000000639888                                        000000000    AM        
0010001300020B   223972729000125                                                                                                                                                                                                                
0010001300021A0000000010050370000001024000 PRECISA CONSERVACAO E LIMPEZA                     26012022BRL0000000000000000000000007541520000000000448355676726012022000000000754152                                        000000000    00        
0010001300022B   211367947000151                                                                                                                                                                                                                
0010001300023Z                                                                C05D75A0EB9576DF                                                                                                                                        00        
0010001300024A0000000010122970000006657850 MULTIPAES INDUSTRIA E COMERCIO                    26012022BRL0000000000000000000000008369200000000000448355676826012022000000000836920                                        000000000    00        
0010001300025B   201843692000100                                                                                                                                                                                                                
0010001300026Z                                                                4D23AB41CBF768F6                                                                                                                                        00        
0010001300027A0000000010349590000000616575 ALA SEGURANCA LTDA - ME                           26012022BRL0000000000000000000000010201290000000000448355676926012022000000001020129                                        000000000    00        
0010001300028B   214428415000175                                                                                                                                                                                                                
0010001300029Z                                                                8E4FFFB56854A315                                                                                                                                        00        
0010001300030A0000000010349590000000616575 ALA SEGURANCA LTDA - ME                           26012022BRL0000000000000000000000010434690000000000448355677026012022000000001043469                                        000000000    00        
0010001300031B   214428415000175                                                                                                                                                                                                                
0010001300032Z                                                                AA72C6CFC39EA620                                                                                                                                        00        
0010001300033A0000000010349590000000616575 ALA SEGURANCA LTDA - ME                           26012022BRL0000000000000000000000010482610000000000448355677126012022000000001048261                                        000000000    00        
0010001300034B   214428415000175                                                                                                                                                                                                                
0010001300035Z                                                                73B82CCA27D659B0                                                                                                                                        00        
0010001300036A0000000010349590000000616575 ALA SEGURANCA LTDA - ME                           26012022BRL0000000000000000000000010754420000000000448355677226012022000000001075442                                        000000000    00        
0010001300037B   214428415000175                                                                                                                                                                                                                
0010001300038Z                                                                EABFF5AFB41B7B1B                                                                                                                                        00        
0010001300039A0000000010349590000001014692 OTIMISA MARKETING E EVENTOS LT                    26012022BRL0000000000000000000000011900000000000000448355677326012022000000001190000                                        000000000    00        
0010001300040B   207559474000117                                                                                                                                                                                                                
0010001300041Z                                                                1864291A5B7D2964                                                                                                                                        00        
0010001300042A0000000010349590000000616575 ALA SEGURANCA LTDA - ME                           26012022BRL0000000000000000000000019147970000000000448355677426012022000000001914797                                        000000000    00        
0010001300043B   214428415000175                                                                                                                                                                                                                
0010001300044Z                                                                312962510F6E95DE                                                                                                                                        00        
0010001300045A0000000010349590000000616575 ALA SEGURANCA LTDA - ME                           26012022BRL0000000000000000000000019269760000000000448355677526012022000000001926976                                        000000000    00        
0010001300046B   214428415000175                                                                                                                                                                                                                
0010001300047Z                                                                3ECF34A3EC778F6A                                                                                                                                        00        
0010001300048A0000000010349590000000616575 ALA SEGURANCA LTDA - ME                           26012022BRL0000000000000000000000019903670000000000448355677626012022000000001990367                                        000000000    00        
0010001300049B   214428415000175                                                                                                                                                                                                                
0010001300050Z                                                                74B6913DF043A03E                                                                                                                                        00        
0010001300051A0000000010301470000000326666 ABBA EMPREITEIRA LTDA  ME                         26012022BRL0000000000000000000000022762910000000000448355677726012022000000002276291                                        000000000    00        
0010001300052B   210740665000195                                                                                                                                                                                                                
0010001300053Z                                                                C33D4FE799802B59                                                                                                                                        00        
0010001300054A0000000010064320000001450360 SUPER CESTA BASICA DE ALIMENTO                    26012022BRL0000000000000000000000035000700000000000448355677826012022000000003500070                                        000000000    00        
0010001300055B   221467701000105                                                                                                                                                                                                                
0010001300056Z                                                                C5BC437374FC1DCC                                                                                                                                        00        
0010001300057A0000000010349590000000616575 ALA SEGURANCA LTDA - ME                           26012022BRL0000000000000000000000060071690000000000448355677926012022000000006007169                                        000000000    00        
0010001300058B   214428415000175                                                                                                                                                                                                                
0010001300059Z                                                                929A19522FDF459C                                                                                                                                        00        
0010001300060A0000000010330810000004552334 AEC CENTRO DE CONTATOS S/A                        26012022BRL0000000000000000000000089151270000000000448355678026012022000000008915127                                        000000000    00        
0010001300061B   202455233000104                                                                                                                                                                                                                
0010001300062Z                                                                67678779208E04EB                                                                                                                                        00        
0010001300063A0000000010349590000000616575 ALA SEGURANCA LTDA - ME                           26012022BRL0000000000000000000000098073860000000000448355678126012022000000009807386                                        000000000    00        
0010001300064B   214428415000175                                                                                                                                                                                                                
0010001300065Z                                                                74FA3EE786300449                                                                                                                                        00        
00100015         000067000000000047008269000000000000000000                                                                                                                                                                                     
00100021C2041030 2036438560001730001189170126       0339280000000606766 SESC - SERVICO SOCIAL DO COMER                         050030412000022                              00000                                                               
0010002300001A00001803303185 0000130024212 LEOPOLDINA TURISMO LTDA - EPP                     26012022BRL000000000000000000000002412003000008900003379209762601202200000000241200307                                      000000000    00        
0010002300002B   219765734000190                                                                                                                                                                                                                
0010002300003Z                                                                FF13849EAA0FD669                                                                                                                                        00        
0010002300004A00001803303471 0000130067530 LEVE DOCURA 4 LTDA                                26012022BRL000000000000000000000003194910000008900003379209772601202200000000319491007                                      000000000    00        
0010002300005B   214215026000323                                                                                                                                                                                                                
0010002300006Z                                                                2CC2FD021222308F                                                                                                                                        00        
0010002300007A00001803303471 0000130067530 LEVE DOCURA 4 LTDA                                26012022BRL000000000000000000000003196710000008900003379209782601202200000000319671007                                      000000000    00        
0010002300008B   214215026000323                                                                                                                                                                                                                
0010002300009Z                                                                0E4E47AA7DF2D93E                                                                                                                                        00        
0010002300010A00001803303342-0000130005113 CLINICA DE VACINAS SANTA CLARA                    26012022BRL000000000000000000000007394000000008900003379209792601202200000000739400007                                      000000000    00        
0010002300011B   203599839000186                                                                                                                                                                                                                
0010002300012Z                                                                76AC83092776A3BE                                                                                                                                        00        
0010002300013A00001803303342-0000130005113 CLINICA DE VACINAS SANTA CLARA                    26012022BRL000000000000000000000017320000000008900003379209802601202200000001732000007                                      000000000    00        
0010002300014B   203599839000186                                                                                                                                                                                                                
0010002300015Z                                                                4D3F3BD729BA75A2                                                                                                                                        00        
0010002300016A0000180770000100000014586860 PISCINA FACIL LTDA - EPP                          26012022BRL000000000000000000000000630871000008900003379209812601202200000000063087107                                      000000000    00        
0010002300017B   210879917000161                                                                                                                                                                                                                
0010002300018Z                                                                9A60AC0A92D821B6                                                                                                                                        00        
0010002300019A0000180770000100000046096736 SMR CCXXXII SOCIEDADES MEDICAS                    26012022BRL000000000000000000000000844462000008900003379209822601202200000000084446207                                      000000000    00        
0010002300020B   235537492000133                                                                                                                                                                                                                
0010002300021Z                                                                2CEB92574D6B949E                                                                                                                                        00        
0010002300022A0000180770000100000066261368 SPIX VIAGENS E TURISMO LTDA                       26012022BRL000000000000000000000001363454000008900003379209832601202200000000136345407                                      000000000    00        
0010002300023B   201073157000100                                                                                                                                                                                                                
0010002300024Z                                                                D811DBAAE9ADA1B0                                                                                                                                        00        
0010002300025A0000180770000100000008137951 NETRESIDUOS SISTEMA PARA GEREN                    26012022BRL000000000000000000000001638840000008900003379209842601202200000000163884007                                      000000000    00        
0010002300026B   227261406000184                                                                                                                                                                                                                
0010002300027Z                                                                4B67D2B268A41AF1                                                                                                                                        00        
0010002300028A0000180770000100000067358543 IGF COMERCIO DE ALIMENTOS EIRE                    26012022BRL000000000000000000000006567953000008900003379209852601202200000000656795307                                      000000000    00        
0010002300029B   232100326000187                                                                                                                                                                                                                
0010002300030Z                                                                6E3DA2AED7A4D828                                                                                                                                        00        
00100025         000032000000000044563203000000000000000000                                                                                                                                                                                     
00100031C2003030 2036438560001730001189170126       0339280000000606766 SESC - SERVICO SOCIAL DO COMER                         050030032000022                              00000                                                               
0010003300001A00001813605501-0000000064165 CLIMA CLINICA DE IMAGEM LTDA                      26012022BRL000000000000000000000000493508000008900003379209862601202200000000049350807                                      000000000    00        
0010003300002B   204341758000144                                                                                                                                                                                                                
0010003300003Z                                                                9B301E2A0AA8531F                                                                                                                                        00        
0010003300004A00001823701501-0000002505002 CECILIA DE OLIVEIRA COSTA                         26012022BRL000000000000000000000000421170000008900003379209872601202200000000042117007                                      000000000    00        
0010003300005B   100007977372860                                                                                                                                                                                                                
0010003300006Z                                                                84CFE02D1B3C43A4                                                                                                                                        00        
00100035         000008000000000000914678000000000000000000                                                                                                                                                                                     
00100041C2041030 2036438560001730001189170126       0339280000000606766 SESC - SERVICO SOCIAL DO COMER                         050030412000022                              00000                                                               
0010004300001A00001823701501-0000002505002 CECILIA DE OLIVEIRA COSTA                         26012022BRL000000000000000000000000941762000008900003379209882601202200000000094176207                                      000000000    00        
0010004300002B   100007977372860                                                                                                                                                                                                                
0010004300003Z                                                                1F6DF6D3C4F52730                                                                                                                                        00        
0010004300004A0000182370046420000000676799 EXPRESSA TURISMO LTDA  EPP                        26012022BRL000000000000000000000000948101000008900003379209892601202200000000094810107                                      000000000    00        
0010004300005B   238507554000152                                                                                                                                                                                                                
0010004300006Z                                                                57E6C4CA2248F471                                                                                                                                        00        
0010004300007A0000182370046420000000676799 EXPRESSA TURISMO LTDA  EPP                        26012022BRL000000000000000000000001054423000008900003379209902601202200000000105442307                                      000000000    00        
0010004300008B   238507554000152                                                                                                                                                                                                                
0010004300009Z                                                                BC4D02DC08F07289                                                                                                                                        00        
0010004300010A0000182370006550000002206463 EKO AMBIENTAL SERVICOS E EMPRE                    26012022BRL000000000000000000000002538479000008900003379209912601202200000000253847907                                      000000000    00        
0010004300011B   205983816000104                                                                                                                                                                                                                
0010004300012Z                                                                E3D1688D1C2B1200                                                                                                                                        00        
00100045         000014000000000005482765000000000000000000                                                                                                                                                                                     
00100051C2003030 2036438560001730001189170126       0339280000000606766 SESC - SERVICO SOCIAL DO COMER                         050030032000022                              00000                                                               
0010005300001A0000183410308000000000371937 SOLANGE MARIA BRAGA DE CARVALH                    26012022BRL000000000000000000000000325000000008900003379209922601202200000000032500007                                      000000000    00        
0010005300002B   224912999000103                                                                                                                                                                                                                
0010005300003Z                                                                7A0626553BA8AD2B                                                                                                                                        00        
0010005300004A0000183410303300000000133251 RECICLO COMUNICACAO LTDA                          26012022BRL000000000000000000000000407760000008900003379209932601202200000000040776007                                      000000000    00        
0010005300005B   211755889000133                                                                                                                                                                                                                
0010005300006Z                                                                F6D46C78F4E8EB41                                                                                                                                        00        
0010005300007A0000183410312000000000156678 REFLORESTAR AMBIENTAL LTDA                        26012022BRL000000000000000000000000435184000008900003379209942601202200000000043518407                                      000000000    00        
0010005300008B   208145897000153                                                                                                                                                                                                                
0010005300009Z                                                                59FA5397DFD0D0F1                                                                                                                                        00        
00100055         000011000000000001167944000000000000000000                                                                                                                                                                                     
00100061C2041030 2036438560001730001189170126       0339280000000606766 SESC - SERVICO SOCIAL DO COMER                         050030412000022                              00000                                                               
0010006300001A0000183410063400000000553853 COMPANHIA ULTRAGAZ S A                            26012022BRL000000000000000000000000607500000008900003379209952601202200000000060750007                                      000000000    00        
0010006300002B   261602199027665                                                                                                                                                                                                                
0010006300003Z                                                                FF2791EC94F281B7                                                                                                                                        00        
0010006300004A0000183410303800000000315317 DATA FLORA LTDA ME                                26012022BRL000000000000000000000000711000000008900003379209962601202200000000071100007                                      000000000    00        
0010006300005B   213299091000150                                                                                                                                                                                                                
0010006300006Z                                                                4651CC7982E03E01                                                                                                                                        00        
0010006300007A0000183410058700000000336447 EXPRESSO BIAGINI TRANSPORTES L                    26012022BRL000000000000000000000000862028000008900003379209972601202200000000086202807                                      000000000    00        
0010006300008B   202067154000126                                                                                                                                                                                                                
0010006300009Z                                                                D384C1A282773F72                                                                                                                                        00        
0010006300010A00001834103807-0000000017904 PRAENDEX BRASIL SISTEMAS DE AP                    26012022BRL000000000000000000000000968815000008900003379209982601202200000000096881507                                      000000000    00        
0010006300011B   264724412000157                                                                                                                                                                                                                
0010006300012Z                                                                C7899C9F0D93BA20                                                                                                                                        00        
0010006300013A0000183410058700000000336447 EXPRESSO BIAGINI TRANSPORTES L                    26012022BRL000000000000000000000001046754000008900003379209992601202200000000104675407                                      000000000    00        
0010006300014B   202067154000126                                                                                                                                                                                                                
0010006300015Z                                                                4B876F271FECE0DB                                                                                                                                        00        
0010006300016A0000183410307500000000008304 CONAPE SERVICOS LTDA                              26012022BRL000000000000000000000001135052000008900003379210002601202200000000113505207                                      000000000    00        
0010006300017B   216669442000165                                                                                                                                                                                                                
0010006300018Z                                                                ACE4D2179521C0EF                                                                                                                                        00        
0010006300019A0000183410304000000000598249 CONSERVADORA FERNANDES EIRELI                     26012022BRL000000000000000000000001789455000008900003379210012601202200000000178945507                                      000000000    00        
0010006300020B   210993198000105                                                                                                                                                                                                                
0010006300021Z                                                                93C479747F68D715                                                                                                                                        00        
0010006300022A0000183410304000000000598249 CONSERVADORA FERNANDES EIRELI                     26012022BRL000000000000000000000002212970000008900003379210022601202200000000221297007                                      000000000    00        
0010006300023B   210993198000105                                                                                                                                                                                                                
0010006300024Z                                                                B0C92C65448664C6                                                                                                                                        00        
0010006300025A00001834108481 0000000122110 JOSE DA COSTA PAZ JUNIOR                          26012022BRL000000000000000000000002549965000008900003379210032601202200000000254996507                                      000000000    00        
0010006300026B   211184781000138                                                                                                                                                                                                                
0010006300027Z                                                                85BC2ADAC5B1E58E                                                                                                                                        00        
0010006300028A00001834101628-0000000405860 LIMPORT VIGILANCIA EIRELI                         26012022BRL000000000000000000000005488969000008900003379210042601202200000000548896907                                      000000000    00        
0010006300029B   210957856000103                                                                                                                                                                                                                
0010006300030Z                                                                DF35B7435DF552BD                                                                                                                                        00        
00100065         000032000000000017372508000000000000000000                                                                                                                                                                                     
00100071C2003030 2036438560001730001189170126       0339280000000606766 SESC - SERVICO SOCIAL DO COMER                         050030032000022                              00000                                                               
0010007300001A00001874500001-0000034626808 SODEXO PASS DO BRASIL SERVICOS                    26012022BRL000000000000000000000000387002000008900003379210052601202200000000038700207                                      000000000    00        
0010007300002B   269034668000156                                                                                                                                                                                                                
0010007300003Z                                                                EA6CAEE52AB375F0                                                                                                                                        00        
00100075         000005000000000000387002000000000000000000                                                                                                                                                                                     
00100081C2041030 2036438560001730001189170126       0339280000000606766 SESC - SERVICO SOCIAL DO COMER                         050030412000022                              00000                                                               
0010008300001A00001874500001-0000034626808 SODEXO PASS DO BRASIL SERVICOS                    26012022BRL000000000000000000000000838504000008900003379210062601202200000000083850407                                      000000000    00        
0010008300002B   269034668000156                                                                                                                                                                                                                
0010008300003Z                                                                E0673D32C71FAD59                                                                                                                                        00        
0010008300004A00001874500001-0000034626808 SODEXO PASS DO BRASIL SERVICOS                    26012022BRL000000000000000000000011959122000008900003379210072601202200000001195912207                                      000000000    00        
0010008300005B   269034668000156                                                                                                                                                                                                                
0010008300006Z                                                                6C7273799078B5DA                                                                                                                                        00        
0010008300007A00001874500001-0000034626808 SODEXO PASS DO BRASIL SERVICOS                    26012022BRL000000000000000000000067835908000008900003379210082601202200000006783590807                                      000000000    00        
0010008300008B   269034668000156                                                                                                                                                                                                                
0010008300009Z                                                                858BC48C95EC31F8                                                                                                                                        00        
00100085         000011000000000080633534000000000000000000                                                                                                                                                                                     
00100091C2003030 2036438560001730001189170126       0339280000000606766 SESC - SERVICO SOCIAL DO COMER                         050030032000022                              00000                                                               
0010009300001A0000187560444700000000155560 A & G SERVICOS MEDICOS LTDA                       26012022BRL000000000000000000000000310000000008900003379210092601202200000000031000007                                      000000000    00        
0010009300002B   212532358000144                                                                                                                                                                                                                
0010009300003Z                                                                A9258BBF9431DA4E                                                                                                                                        00        
0010009300004A0000187560444700000000155560 A & G SERVICOS MEDICOS LTDA                       26012022BRL000000000000000000000000313600000008900003379210102601202200000000031360007                                      000000000    00        
0010009300005B   212532358000144                                                                                                                                                                                                                
0010009300006Z                                                                D44C15EE20BDE648                                                                                                                                        00        
0010009300007A0000187560074800000000136855 PADARIA E CONFEITARIA R RAMPIN                    26012022BRL000000000000000000000000328997000008900003379210112601202200000000032899707                                      000000000    00        
0010009300008B   202457619000155                                                                                                                                                                                                                
0010009300009Z                                                                F2A8CC12D1CE8A3D                                                                                                                                        00        
00100095         000011000000000000952597000000000000000000                                                                                                                                                                                     
00100101C2041030 2036438560001730001189170126       0339280000000606766 SESC - SERVICO SOCIAL DO COMER                         050030412000022                              00000                                                               
0010010300001A00001875604108-0000000333360 TRANSPORTES E LOGISTICA COSTAT                    26012022BRL000000000000000000000001923468000008900003379210122601202200000000192346807                                      000000000    00        
0010010300002B   226122025000151                                                                                                                                                                                                                
0010010300003Z                                                                DB303B9D289E1891                                                                                                                                        00        
0010010300004A00001875603125-0000026301296 RESTAURANTE SAVANA LTDA                           26012022BRL000000000000000000000002522025000008900003379210132601202200000000252202507                                      000000000    00        
0010010300005B   214514762000110                                                                                                                                                                                                                
0010010300006Z                                                                AB59080BCE2323FA                                                                                                                                        00        
0010010300007A00001875604101-0000500180016 O2 HIGIENIZACAO EIRELI                            26012022BRL000000000000000000000003244071000008900003379210142601202200000000324407107                                      000000000    00        
0010010300008B   229916916000178                                                                                                                                                                                                                
0010010300009Z                                                                9B1CF18FE38DB0FE                                                                                                                                        00        
00100105         000011000000000007689564000000000000000000                                                                                                                                                                                     
00199999         000010000146                                                                                                                                                                                                                   
